@article{knight2008drastically,
  title={Drastically different percepts of five illusions in foveal and peripheral vision reveal their differences in representing visual phase},
  author={Knight, Emily and Shapiro, Arthur and Lu, Zhong-Lin},
  journal={Journal of Vision},
  volume={8},
  number={6},
  pages={967--967},
  year={2008},
  publisher={Association for Research in Vision and Ophthalmology}
}

@article{deangelis1995receptive,
  title={Receptive-field dynamics in the central visual pathways},
  author={DeAngelis, Gregory C and Ohzawa, Izumi and Freeman, Ralph D},
  journal={Trends in neurosciences},
  volume={18},
  number={10},
  pages={451--458},
  year={1995},
  publisher={Elsevier}

}


@article {Hartline700,
	author = {Hartline, H. K.},
	title = {THE EFFECTS OF SPATIAL SUMMATION IN THE RETINA ON THE EXCITATION OF THE FIBERS OF THE OPTIC NERVE},
	volume = {130},
	number = {4},
	pages = {700--711},
	year = {1940},
	publisher = {American Physiological Society},
	issn = {0002-9513},
	URL = {http://ajplegacy.physiology.org/content/130/4/700},
	eprint = {http://ajplegacy.physiology.org/content/130/4/700.full.pdf},
	journal = {American Journal of Physiology -- Legacy Content}
}


@article{baggott2010investigating,
  title={Investigating the mechanisms of hallucinogen-induced visions using 3, 4-methylenedioxyamphetamine (MDA): A randomized controlled trial in humans},
  author={Baggott, Matthew J and Siegrist, Jennifer D and Galloway, Gantt P and Robertson, Lynn C and Coyle, Jeremy R and Mendelson, John E},
  journal={PloS one},
  volume={5},
  number={12},
  pages={1--13},
  year={2010},
  publisher={Public Library of Science}
}


@misc{vision-computation,
  author = {Vision computation from neurons to perception},
  title = {{Orientation Selectivity}},
  howpublished = "\url{http://fourier.eng.hmc.edu/e180/lectures/v1/node6}",
  year = {2016}, 
  note = "[Online; accessed 21-January-2016]"
}

@misc{retinotopic-mapping,
  author = {Vision computation from neurons to perception},
  title = {{Retinotopic Mapping}},
  howpublished = "\url{http://fourier.eng.hmc.edu/e180/lectures/v1/node3.html}",
  year = {2016}, 
  note = "[Online; accessed 21-January-2016]"
}

@misc{receptive-fields,
  author = {Ashish Ranpura},
  title = {{Overview of Receptive Fields}},
  howpublished = "\url{http://brainconnection.brainhq.com/2004/03/06/overview-of-receptive-fields/}",
  year = {2016}, 
  note = "[Online; accessed 19-January-2016]"
}


@article{amirikian2000directional,
  title={Directional tuning profiles of motor cortical cells},
  author={Amirikian, Bagrat and Georgopulos, Apostolos P},
  journal={Neuroscience research},
  volume={36},
  number={1},
  pages={73--79},
  year={2000},
  publisher={Elsevier}
}


@article{hubel1968receptive,
  title={Receptive fields and functional architecture of monkey striate cortex},
  author={Hubel, David H and Wiesel, Torsten N},
  journal={The Journal of physiology},
  volume={195},
  number={1},
  pages={215--243},
  year={1968},
  publisher={Wiley Online Library}
}

@article{cavanaugh2002nature,
  title={Nature and interaction of signals from the receptive field center and surround in macaque V1 neurons},
  author={Cavanaugh, James R and Bair, Wyeth and Movshon, J Anthony},
  journal={Journal of neurophysiology},
  volume={88},
  number={5},
  pages={2530--2546},
  year={2002},
  publisher={Am Physiological Soc}
}

@article{keemink2015unified,
  title={A unified account of tilt illusions, association fields, and contour detection based on elastica},
  author={Keemink, Sander W and van Rossum, Mark CW},
  journal={Vision research},
  year={2015},
  publisher={Elsevier}
}


@article{stevens2010holoviews,
  title={HoloViews: Building Complex Visualizations Easily for Reproducible Science},
  author={Stevens, Jean-Luc R and Rudiger, Philipp and Bednar, James A},
  year={2010}
}

@article{hunter2007matplotlib,
  title={Matplotlib: A 2D graphics environment},
  author={Hunter, John D and others},
  journal={Computing in science and engineering},
  volume={9},
  number={3},
  pages={90--95},
  year={2007}
}

@article{shen2014interactive,
  title={Interactive notebooks: Sharing the code},
  author={Shen, Helen and others},
  journal={Nature},
  volume={515},
  number={7525},
  pages={151--152},
  year={2014},
  publisher={Macmillan Publishers Ltd., London, England}
}


@book{wilson2001encyclopedia,
  title={The MIT encyclopedia of the cognitive sciences},
  author={Wilson, Robert Andrew and Keil, Frank C},
  year={2001},
  publisher={MIT press}
}

@article{field1993contour,
  title={Contour integration by the human visual system: evidence for a local “association field”},
  author={Field, David J and Hayes, Anthony and Hess, Robert F},
  journal={Vision research},
  volume={33},
  number={2},
  pages={173--193},
  year={1993},
  publisher={Elsevier}
}

@article{levien2008elastica,
  title={The elastica: a mathematical history},
  author={Levien, Raph},
  journal={Electrical Engineering and Computer Sciences University of California at Berkeley},
  year={2008},
  publisher={Citeseer}
}

@misc{elastica-code,
  author = {Sander Keemink},
  title = {{Elastica code}},
  howpublished = "\url{https://github.com/swkeemink/elastica}",
  year = {2016}, 
  note = "[Online; accessed 22-March-2016]"
}

@article{sharon2000completion,
  title={Completion energies and scale},
  author={Sharon, Eitan and Brandt, Achi and Basri, Ronen},
  journal={Pattern Analysis and Machine Intelligence, IEEE Transactions on},
  volume={22},
  number={10},
  pages={1117--1131},
  year={2000},
  publisher={IEEE}
}



